<?xml version="1.0" encoding="UTF-8"?><collection xmlns="http://www.loc.gov/MARC21/slim"><record><leader>00448nam--2200157-i-4500</leader><controlfield tag="001">000043383</controlfield><controlfield tag="002">20161230</controlfield><controlfield tag="005">20170126235323</controlfield><controlfield tag="008">060222s1000------------r-----000-0-eng-d</controlfield><datafield ind1=" " ind2=" " tag="080"><subfield code="a">621.384.6</subfield></datafield><datafield ind1=" " ind2=" " tag="245"><subfield code="a">La synchrotron a proton saturne su centre d`etudes nucleaires de saclay</subfield></datafield><datafield ind1=" " ind2=" " tag="260"><subfield code="a">Paris</subfield><subfield code="b">Editions Chiron</subfield><subfield code="c">1959</subfield></datafield><datafield ind1=" " ind2=" " tag="300"><subfield code="a">/425-634/ p</subfield></datafield><datafield ind1=" " ind2=" " tag="490"><subfield code="a">L`Onde Electrique, XXXIX, Juin 1959</subfield></datafield><datafield ind1=" " ind2=" " tag="852"><subfield code="a">25775</subfield></datafield><datafield ind1=" " ind2=" " tag="CAT"><subfield code="a">SYS</subfield><subfield code="c">20170126</subfield><subfield code="h">235323</subfield></datafield></record></collection>